@book{RG-MPDCarmo,
    author = {Manfredo Do Carmo},
    title = {Riemannian geometry},
    date = {1993},
    edition = {2},
}